<?xml version="1.0" encoding="UTF-8"?><collection xmlns="http://www.loc.gov/MARC21/slim"><record><leader>00411nam--2200121-i-4500</leader><controlfield tag="001">000016209</controlfield><controlfield tag="002">20161230</controlfield><controlfield tag="005">20161230201031</controlfield><controlfield tag="008">060222s1000------------r-----000-0-eng-d</controlfield><datafield ind1=" " ind2=" " tag="100"><subfield code="a">Poncet,Pierre</subfield></datafield><datafield ind1=" " ind2=" " tag="245"><subfield code="a">Application de la methode du champ criatallin aux solutions electroniques:cation d un metal de transition solvate place dans un champ inho mogene.these</subfield></datafield><datafield ind1=" " ind2=" " tag="260"><subfield code="a">Lyon,Universite,1964. 85p</subfield></datafield><datafield ind1=" " ind2=" " tag="852"><subfield code="a">77952</subfield></datafield></record></collection>